@incollection{BrachmanL2004,
	title = {The Tradeoff between Expressiveness and Tractability},
	editor = {Brachman, Ronald J. and Levesque, Hector J.},
	booktitle = {Knowledge Representation and Reasoning},
	publisher = {Morgan Kaufmann},
	address = {San Francisco},
	pages = {327-348},
	year = {2004},
	series = {The Morgan Kaufmann Series in Artificial Intelligence},
	isbn = {978-1-55860-932-7},
	doi = {https://doi.org/10.1016/B978-155860932-7/50101-1},
	_url = {https://www.sciencedirect.com/science/article/pii/B9781558609327501011},
	author = {Ronald J. Brachman and Hector J. Levesque},
}

@article{LevesqueB87,
  author    = {Hector J. Levesque and Ronald J. Brachman},
  title     = {Expressiveness and tractability in knowledge representation and reasoning},
  journal   = {Comput. Intell.},
  volume    = {3},
  pages     = {78--93},
  year      = {1987},
  url       = {https://doi.org/10.1111/j.1467-8640.1987.tb00176.x},
  doi       = {10.1111/j.1467-8640.1987.tb00176.x},
  timestamp = {Sun, 15 Mar 2020 19:44:24 +0100},
  biburl    = {https://dblp.org/rec/journals/ci/LevesqueB87.bib},
  bibsource = {dblp computer science bibliography, https://dblp.org}
}

@inproceedings{artale2002,
	Author = {Artale, Alessandro and Franconi, Enrico and Wolter, Frank and Zakharyaschev, Michael},
	Booktitle = {European Workshop on Logics in Artificial Intelligence (JELIA 2002)},
	Date-Modified = {2020-03-16 19:46:37 +0100},
	Doi = {10.1007/3-540-45757-7_9},
	Pages = {98--110},
	Publisher = {Springer},
	Title = {A Temporal Description Logic for Reasoning over Conceptual Schemas and Queries},
	Url = {http://link.springer.com/10.1007/3-540-45757-7_9},
	Year = 2002}

@book{cimiano2006-ontologies,
	Author = {Cimiano, Philipp},
	Doi = {10.1007/978-0-387-39252-3},
	Publisher = {Springer US},
	Title = {Ontology Learning and Population from Text},
	Year = 2006,
	Bdsk-Url-1 = {https://doi.org/10.1007/978-0-387-39252-3}}

@inbook{moller2003,
	Author = {Moller, Ralf and Haarslev, Volker},
	Booktitle = {The Description Logic Handbook: Theory, Implementation, and Applications},
	Numpages = 24,
	Pages = {282--305},
	Publisher = {Cambridge University Press},
	Title = {Description logic systems},
	Year = 2003}
